<?xml version="1.0" encoding="UTF-8"?><collection xmlns="http://www.loc.gov/MARC21/slim"><record><leader>00578nam--2200205-u-4500</leader><controlfield tag="001">000053541</controlfield><controlfield tag="002">20161230</controlfield><controlfield tag="005">20161230201051</controlfield><controlfield tag="008">110412s1000------------r-----000-0-eng-d</controlfield><datafield ind1=" " ind2=" " tag="020"><subfield code="a">0387987118</subfield></datafield><datafield ind1=" " ind2=" " tag="040"><subfield code="a">IFIN-HH</subfield></datafield><datafield ind1=" " ind2=" " tag="080"><subfield code="a">57.089.6:611.018:57.086.88</subfield></datafield><datafield ind1="1" ind2=" " tag="100"><subfield code="a">Silver, Frederick H</subfield></datafield><datafield ind1="1" ind2="0" tag="245"><subfield code="a">Biomaterials sceince and biocompatibility</subfield><subfield code="c">Frederick h. silver; david l. christiansen</subfield></datafield><datafield ind1=" " ind2=" " tag="260"><subfield code="a">New York</subfield><subfield code="b">Springer</subfield><subfield code="c">1999</subfield></datafield><datafield ind1=" " ind2=" " tag="300"><subfield code="a">342P</subfield></datafield><datafield ind1=" " ind2="4" tag="650"><subfield code="a">Biocompatibility</subfield></datafield><datafield ind1="1" ind2=" " tag="700"><subfield code="a">Christiansen, David L</subfield></datafield><datafield ind1=" " ind2=" " tag="852"><subfield code="a">81467</subfield><subfield code="c">57</subfield></datafield><datafield ind1=" " ind2=" " tag="CAT"><subfield code="a">Sys</subfield><subfield code="c">20110412</subfield><subfield code="h">150517</subfield></datafield></record></collection>